@misc{ibge, 
    title={Brasil tem 116 milhões de pessoas conectadas à internet, diz IBGE}, url={https://g1.globo.com/economia/tecnologia/noticia/brasil-tem-116-milhoes-de-pessoas-conectadas-a-internet-diz-ibge.ghtml}, journal={G1},
    publisher={G1},
    author={Gomes, Helton},
    year={2018}, 
    month={Feb}
}

@misc{exame,
    title={Comércio eletrônico alcança 51,3 mi de consumidores no Brasil}, url={https://exame.abril.com.br/tecnologia/comercio-eletronico-alcanca-51-3-mi-de-consumidores-no-brasil/},
    journal={EXAME}, 
    publisher={EXAME}, 
    author={Campi, Monica}, 
    year={2014}, 
    month={Mar}
}

@misc{game, 
    title={Gamificação: o que é e como pode transformar a aprendizagem}, 
    url={http://info.geekie.com.br/gamificacao/}, 
    journal={InfoGeekie}, 
    author={Lorenzoni, Marcela}, 
    year={2016}, 
    month={July}
}

@misc{folha,
    title={Internet foi criada em 1969 com o nome de "Arpanet" nos EUA},
    url={https://www1.folha.uol.com.br/folha/cotidiano/ult95u34809.shtml},
    journal={Folha de São Paulo},
    publisher={Folha de São Paulo},
    author={Silva, L. W.},
    year={2001},
    month={Aug}
}

@misc{internet, 
    title={História da Internet}, 
    url={https://www.suapesquisa.com/internet/}, 
    organization={SuaPesquisa},
    urlaccessdate={24 nov. 2018}
}

@misc{html,
    title={O básico: O que é HTML?},
    url={https://tableless.com.br/o-que-html-basico/},
    organization={Tableless},
    urlaccessdate={24 nov. 2018}
}